<?xml version="1.0" encoding="UTF-8"?>
<SOAP-ENV:Envelope xmlns:SOAP-ENV="http://schemas.xmlsoap.org/soap/envelope/" xmlns:ns1="http://oss.dbc.dk/ns/openformat" xmlns:os="http://oss.dbc.dk/ns/opensearch" xmlns:dc="http://purl.org/dc/elements/1.1/" xmlns:dkabm="http://biblstandard.dk/abm/namespace/dkabm/" xmlns:ISO639-2="http://lcweb.loc.gov/standards/iso639-2/" xmlns:dcmitype="http://purl.org/dc/dcmitype/" xmlns:dcterms="http://purl.org/dc/terms/" xmlns:ac="http://biblstandard.dk/ac/namespace/" xmlns:dkdcplus="http://biblstandard.dk/abm/namespace/dkdcplus/" xmlns:oss="http://oss.dbc.dk/ns/osstypes" xmlns:marcx="info:lc/xmlns/marcxchange-v1" xmlns:xsi="http://www.w3.org/2001/XMLSchema-instance">
  <SOAP-ENV:Body>
    <ns1:formatRequest>
      <ns1:originalData>
        <os:collection>
          <os:resultPosition>1</os:resultPosition>
          <os:numberOfObjects>1</os:numberOfObjects>
          <os:object>
            <dkabm:record>
              <ac:identifier>50942309|870970</ac:identifier>
              <dc:identifier xsi:type="dkdcplus:ISBN">9788779756434</dc:identifier>
              <dc:identifier>7010</dc:identifier>
              <ac:source>Bibliotekskatalog</ac:source>
              <dc:title>Nipilersornermik ilinniut - atuartup atuagaa</dc:title>
              <dc:title xsi:type="dkdcplus:full">Nipilersornermik ilinniut - atuartup atuagaa</dc:title>
              <dcterms:alternative>Musiklære - elevens spillebog</dcterms:alternative>
              <dc:subject xsi:type="dkdcplus:DK5">78.69</dc:subject>
              <dc:subject xsi:type="dkdcplus:DK5-Text">Vokalmusik for børn</dc:subject>
              <dc:subject xsi:type="dkdcplus:DBCM">børnemusik</dc:subject>
              <dc:subject xsi:type="dkdcplus:DBCM">børnesange</dc:subject>
              <dc:subject xsi:type="dkdcplus:DBCN">for børn</dc:subject>
              <dc:subject xsi:type="dkdcplus:DBCN">for folkeskolen</dc:subject>
              <dc:subject xsi:type="dkdcplus:DBCN">for musikundervisning</dc:subject>
              <dc:subject xsi:type="dkdcplus:DBCM">instrumental</dc:subject>
              <dc:subject xsi:type="dkdcplus:DBCF">nodelære</dc:subject>
              <dc:subject xsi:type="dkdcplus:DBCO">sammenspil</dc:subject>
              <dc:subject xsi:type="dkdcplus:DBCO">undervisningsmaterialer</dc:subject>
              <dc:subject xsi:type="dkdcplus:DBCM">vokal</dc:subject>
              <dc:description>For xylofon, basxylofon, metallofon, klokkespil, slagtøj og boomwhackers, delvis med 1-2 sangstemmer</dc:description>
              <dc:description>Med sangtekster</dc:description>
              <dc:description>Med spillevejledning til de enkelte sange</dc:description>
              <dcterms:audience>voksenmaterialer</dcterms:audience>
              <dkdcplus:version>Ilusaa siulleq = 1. udgave, siullermik naqinnera = 1. oplag</dkdcplus:version>
              <dc:publisher>Ilinniusiorfik Undervisningsmiddelforlag</dc:publisher>
              <dc:contributor>Judith Pandrup</dc:contributor>
              <dc:date>2013</dc:date>
              <dc:type xsi:type="dkdcplus:BibDK-Type">Node</dc:type>
              <dc:format>illustreret i farver</dc:format>
              <dcterms:extent>103 sider</dcterms:extent>
              <dc:language xsi:type="dcterms:ISO639-2">mul</dc:language>
              <dc:language>Flere sprog</dc:language>
              <dc:language xsi:type="dcterms:ISO639-2">kal</dc:language>
              <dc:language>Kalaallisut</dc:language>
              <dc:language xsi:type="dcterms:ISO639-2">dan</dc:language>
              <dc:language>Dansk</dc:language>
              <dc:language xsi:type="dcterms:ISO639-2">eng</dc:language>
              <dc:language>Engelsk</dc:language>
              <dcterms:hasPart>Ro, ro, ro din båd</dcterms:hasPart>
              <dcterms:hasPart>ABC-sangen</dcterms:hasPart>
              <dcterms:hasPart>Sunaana panna timmisoq</dcterms:hasPart>
              <dcterms:hasPart>Se min kjole</dcterms:hasPart>
              <dcterms:hasPart>Fætter Mikkel</dcterms:hasPart>
              <dcterms:hasPart>Susiniarpit</dcterms:hasPart>
              <dcterms:hasPart>Tupikkaluaqaanga</dcterms:hasPart>
              <dcterms:hasPart>Ukaleq aqupisimasoq</dcterms:hasPart>
              <dcterms:hasPart>Ullaakkut</dcterms:hasPart>
              <dcterms:hasPart>Texas cowboy</dcterms:hasPart>
              <dcterms:hasPart>Qaqqap qaqqap qaarpiaani</dcterms:hasPart>
              <dcterms:hasPart>Qimusserumatooq</dcterms:hasPart>
              <dcterms:hasPart>Tulugaaq krang kraang</dcterms:hasPart>
              <dcterms:hasPart>Upernaleriarmat</dcterms:hasPart>
              <dcterms:hasPart>Nuanneq niperput</dcterms:hasPart>
              <dcterms:hasPart>Inuaqqat sukkutortut</dcterms:hasPart>
              <dcterms:hasPart>Min hat den har tre buler</dcterms:hasPart>
              <dcterms:hasPart>Længe nok har jeg bondepige været</dcterms:hasPart>
              <dcterms:hasPart>Katinka</dcterms:hasPart>
              <dcterms:hasPart>Nissimaap nulia</dcterms:hasPart>
              <dcterms:hasPart>Sansesangen</dcterms:hasPart>
              <dcterms:hasPart>Vandkanon</dcterms:hasPart>
              <dcterms:hasPart>Sialualaarluni</dcterms:hasPart>
              <dcterms:hasPart>Perngartoq</dcterms:hasPart>
              <dcterms:hasPart>Papegøjen fra Amerika</dcterms:hasPart>
              <dcterms:hasPart>Se nu stiger solen</dcterms:hasPart>
              <dcterms:hasPart>Siut aalatillugu</dcterms:hasPart>
              <dcterms:hasPart>Soraluannguit</dcterms:hasPart>
              <dcterms:hasPart>Usiarpoq, usiarpoq</dcterms:hasPart>
              <dcterms:hasPart>Bænkebider blues</dcterms:hasPart>
              <dcterms:hasPart>Naqinnerit nalunngiligit</dcterms:hasPart>
              <dcterms:hasPart>Kajs sang</dcterms:hasPart>
              <dcterms:hasPart>Takuat paninnguaq</dcterms:hasPart>
              <dcterms:hasPart>Kaaleeraq tupermi sinippoq</dcterms:hasPart>
              <dcterms:hasPart>Let it be</dcterms:hasPart>
              <dcterms:hasPart>Nattergalen</dcterms:hasPart>
              <dcterms:hasPart>Crying in the rain</dcterms:hasPart>
              <dcterms:hasPart>Maria gennem torne går</dcterms:hasPart>
              <dcterms:hasPart>Meeqqap nipaa</dcterms:hasPart>
              <dcterms:hasPart>Glade jul</dcterms:hasPart>
              <dcterms:hasPart>Samina mina</dcterms:hasPart>
              <dcterms:hasPart>Sana sananina</dcterms:hasPart>
              <dcterms:hasPart>Here, there and everywhere</dcterms:hasPart>
              <dcterms:hasPart>Joy to the world</dcterms:hasPart>
              <dcterms:hasPart>Blue moon</dcterms:hasPart>
              <dcterms:hasPart>Summertime</dcterms:hasPart>
              <dcterms:spatial xsi:type="dkdcplus:DBCM">Danmark</dcterms:spatial>
              <dcterms:spatial xsi:type="dkdcplus:DBCM">Grønland</dcterms:spatial>
              <dcterms:temporal xsi:type="dkdcplus:DBCM">1900-1999</dcterms:temporal>
            </dkabm:record>
            <marcx:collection>
              <marcx:record format="danMARC2" type="Bibliographic">
                <marcx:leader>00000n    2200000   4500</marcx:leader>
                <marcx:datafield ind1="0" ind2="0" tag="001">
                  <marcx:subfield code="a">50942309</marcx:subfield>
                  <marcx:subfield code="b">870970</marcx:subfield>
                  <marcx:subfield code="c">20140217155700</marcx:subfield>
                  <marcx:subfield code="d">20140204</marcx:subfield>
                  <marcx:subfield code="f">a</marcx:subfield>
                </marcx:datafield>
                <marcx:datafield ind1="0" ind2="0" tag="004">
                  <marcx:subfield code="r">n</marcx:subfield>
                  <marcx:subfield code="a">e</marcx:subfield>
                </marcx:datafield>
                <marcx:datafield ind1="0" ind2="0" tag="005">
                  <marcx:subfield code="h">a</marcx:subfield>
                  <marcx:subfield code="h">e</marcx:subfield>
                  <marcx:subfield code="k">a</marcx:subfield>
                  <marcx:subfield code="k">b</marcx:subfield>
                </marcx:datafield>
                <marcx:datafield ind1="0" ind2="0" tag="008">
                  <marcx:subfield code="t">s</marcx:subfield>
                  <marcx:subfield code="u">f</marcx:subfield>
                  <marcx:subfield code="a">2013</marcx:subfield>
                  <marcx:subfield code="b">gl</marcx:subfield>
                  <marcx:subfield code="j">p</marcx:subfield>
                  <marcx:subfield code="l">mul</marcx:subfield>
                  <marcx:subfield code="v">0</marcx:subfield>
                </marcx:datafield>
                <marcx:datafield ind1="0" ind2="0" tag="009">
                  <marcx:subfield code="a">c</marcx:subfield>
                  <marcx:subfield code="g">xx</marcx:subfield>
                </marcx:datafield>
                <marcx:datafield ind1="0" ind2="0" tag="021">
                  <marcx:subfield code="e">9788779756434</marcx:subfield>
                  <marcx:subfield code="c">spiralryg</marcx:subfield>
                </marcx:datafield>
                <marcx:datafield ind1="0" ind2="0" tag="032">
                  <marcx:subfield code="x">BKM201408</marcx:subfield>
                  <marcx:subfield code="x">DAT201409</marcx:subfield>
                </marcx:datafield>
                <marcx:datafield ind1="0" ind2="0" tag="041">
                  <marcx:subfield code="a">kal</marcx:subfield>
                  <marcx:subfield code="a">dan</marcx:subfield>
                  <marcx:subfield code="a">eng</marcx:subfield>
                </marcx:datafield>
                <marcx:datafield ind1="0" ind2="0" tag="245">
                  <marcx:subfield code="a">Nipilersornermik ilinniut - atuartup atuagaa</marcx:subfield>
                  <marcx:subfield code="p">Musiklære - elevens spillebog</marcx:subfield>
                  <marcx:subfield code="e">atuakkiortoq: Judith Pandrup</marcx:subfield>
                  <marcx:subfield code="t">forfatter: Judith Pandrup</marcx:subfield>
                </marcx:datafield>
                <marcx:datafield ind1="0" ind2="0" tag="250">
                  <marcx:subfield code="a">Ilusaa siulleq = 1. udgave</marcx:subfield>
                  <marcx:subfield code="b">÷</marcx:subfield>
                  <marcx:subfield code="x">siullermik naqinnera = 1. oplag</marcx:subfield>
                </marcx:datafield>
                <marcx:datafield ind1="0" ind2="0" tag="260">
                  <marcx:subfield code="&amp;">1</marcx:subfield>
                  <marcx:subfield code="a">[Nuuk]</marcx:subfield>
                  <marcx:subfield code="b">Ilinniusiorfik Undervisningsmiddelforlag</marcx:subfield>
                  <marcx:subfield code="c">2013</marcx:subfield>
                </marcx:datafield>
                <marcx:datafield ind1="0" ind2="0" tag="300">
                  <marcx:subfield code="a">103 sider</marcx:subfield>
                  <marcx:subfield code="b">ill. i farver</marcx:subfield>
                  <marcx:subfield code="c">30 cm</marcx:subfield>
                </marcx:datafield>
                <marcx:datafield ind1="0" ind2="0" tag="508">
                  <marcx:subfield code="a">Tekster på grønlandsk, dansk og 7 sange med tekst på engelsk. Med vejledning på grønlandsk og dansk</marcx:subfield>
                </marcx:datafield>
                <marcx:datafield ind1="0" ind2="0" tag="509">
                  <marcx:subfield code="a">For xylofon, basxylofon, metallofon, klokkespil, slagtøj og boomwhackers, delvis med 1-2 sangstemmer</marcx:subfield>
                </marcx:datafield>
                <marcx:datafield ind1="0" ind2="0" tag="526">
                  <marcx:subfield code="i">Hertil knytter sig</marcx:subfield>
                  <marcx:subfield code="t">Nipilersornermik ilinniut - Ilinniartitsisup atuagaa</marcx:subfield>
                  <marcx:subfield code="t">Nipilersornermik ilinniut - ilinniartitsisumut ilitsersuut nuutitalik</marcx:subfield>
                  <marcx:subfield code="t">Musiklære - lærerens spillebog</marcx:subfield>
                  <marcx:subfield code="t">Musiklære - lærerens nodebog</marcx:subfield>
                </marcx:datafield>
                <marcx:datafield ind1="0" ind2="0" tag="531">
                  <marcx:subfield code="a">Indhold:</marcx:subfield>
                </marcx:datafield>
                <marcx:datafield ind1="0" ind2="0" tag="534">
                  <marcx:subfield code="a">Med sangtekster</marcx:subfield>
                </marcx:datafield>
                <marcx:datafield ind1="0" ind2="0" tag="534">
                  <marcx:subfield code="a">Med spillevejledning til de enkelte sange</marcx:subfield>
                </marcx:datafield>
                <marcx:datafield ind1="0" ind2="0" tag="538">
                  <marcx:subfield code="b">7010</marcx:subfield>
                </marcx:datafield>
                <marcx:datafield ind1="0" ind2="0" tag="652">
                  <marcx:subfield code="m">78.69</marcx:subfield>
                </marcx:datafield>
                <marcx:datafield ind1="0" ind2="0" tag="666">
                  <marcx:subfield code="0"/>
                  <marcx:subfield code="f">nodelære</marcx:subfield>
                </marcx:datafield>
                <marcx:datafield ind1="0" ind2="0" tag="666">
                  <marcx:subfield code="0"/>
                  <marcx:subfield code="m">børnesange</marcx:subfield>
                  <marcx:subfield code="m">børnemusik</marcx:subfield>
                  <marcx:subfield code="n">instrumental</marcx:subfield>
                  <marcx:subfield code="n">vokal</marcx:subfield>
                  <marcx:subfield code="p">1900-1999</marcx:subfield>
                  <marcx:subfield code="l">Danmark</marcx:subfield>
                  <marcx:subfield code="l">Grønland</marcx:subfield>
                </marcx:datafield>
                <marcx:datafield ind1="0" ind2="0" tag="666">
                  <marcx:subfield code="0"/>
                  <marcx:subfield code="o">undervisningsmaterialer</marcx:subfield>
                </marcx:datafield>
                <marcx:datafield ind1="0" ind2="0" tag="666">
                  <marcx:subfield code="0"/>
                  <marcx:subfield code="o">sammenspil</marcx:subfield>
                </marcx:datafield>
                <marcx:datafield ind1="0" ind2="0" tag="666">
                  <marcx:subfield code="0"/>
                  <marcx:subfield code="u">for musikundervisning</marcx:subfield>
                </marcx:datafield>
                <marcx:datafield ind1="0" ind2="0" tag="666">
                  <marcx:subfield code="0"/>
                  <marcx:subfield code="u">for folkeskolen</marcx:subfield>
                </marcx:datafield>
                <marcx:datafield ind1="0" ind2="0" tag="666">
                  <marcx:subfield code="0"/>
                  <marcx:subfield code="u">for børn</marcx:subfield>
                </marcx:datafield>
                <marcx:datafield ind1="0" ind2="0" tag="700">
                  <marcx:subfield code="a">Pandrup</marcx:subfield>
                  <marcx:subfield code="h">Judith</marcx:subfield>
                </marcx:datafield>
                <marcx:datafield ind1="0" ind2="0" tag="795">
                  <marcx:subfield code="å">11</marcx:subfield>
                  <marcx:subfield code="a">Ro, ro, ro din båd</marcx:subfield>
                </marcx:datafield>
                <marcx:datafield ind1="0" ind2="0" tag="795">
                  <marcx:subfield code="å">12</marcx:subfield>
                  <marcx:subfield code="a">ABC-sangen</marcx:subfield>
                </marcx:datafield>
                <marcx:datafield ind1="0" ind2="0" tag="795">
                  <marcx:subfield code="å">13</marcx:subfield>
                  <marcx:subfield code="a">Sunaana panna timmisoq</marcx:subfield>
                </marcx:datafield>
                <marcx:datafield ind1="0" ind2="0" tag="795">
                  <marcx:subfield code="å">14</marcx:subfield>
                  <marcx:subfield code="a">Se min kjole</marcx:subfield>
                </marcx:datafield>
                <marcx:datafield ind1="0" ind2="0" tag="795">
                  <marcx:subfield code="å">15</marcx:subfield>
                  <marcx:subfield code="a">Fætter Mikkel</marcx:subfield>
                </marcx:datafield>
                <marcx:datafield ind1="0" ind2="0" tag="795">
                  <marcx:subfield code="å">16</marcx:subfield>
                  <marcx:subfield code="a">Susiniarpit</marcx:subfield>
                </marcx:datafield>
                <marcx:datafield ind1="0" ind2="0" tag="795">
                  <marcx:subfield code="å">17</marcx:subfield>
                  <marcx:subfield code="a">Tupikkaluaqaanga</marcx:subfield>
                </marcx:datafield>
                <marcx:datafield ind1="0" ind2="0" tag="795">
                  <marcx:subfield code="å">18</marcx:subfield>
                  <marcx:subfield code="a">Ukaleq aqupisimasoq</marcx:subfield>
                </marcx:datafield>
                <marcx:datafield ind1="0" ind2="0" tag="795">
                  <marcx:subfield code="å">19</marcx:subfield>
                  <marcx:subfield code="a">Ullaakkut</marcx:subfield>
                </marcx:datafield>
                <marcx:datafield ind1="0" ind2="0" tag="795">
                  <marcx:subfield code="å">20</marcx:subfield>
                  <marcx:subfield code="a">Texas cowboy</marcx:subfield>
                </marcx:datafield>
                <marcx:datafield ind1="0" ind2="0" tag="795">
                  <marcx:subfield code="å">21</marcx:subfield>
                  <marcx:subfield code="a">Qaqqap qaqqap qaarpiaani</marcx:subfield>
                </marcx:datafield>
                <marcx:datafield ind1="0" ind2="0" tag="795">
                  <marcx:subfield code="å">22</marcx:subfield>
                  <marcx:subfield code="a">Qimusserumatooq</marcx:subfield>
                </marcx:datafield>
                <marcx:datafield ind1="0" ind2="0" tag="795">
                  <marcx:subfield code="å">23</marcx:subfield>
                  <marcx:subfield code="a">Tulugaaq krang kraang</marcx:subfield>
                </marcx:datafield>
                <marcx:datafield ind1="0" ind2="0" tag="795">
                  <marcx:subfield code="å">24</marcx:subfield>
                  <marcx:subfield code="a">Upernaleriarmat</marcx:subfield>
                </marcx:datafield>
                <marcx:datafield ind1="0" ind2="0" tag="795">
                  <marcx:subfield code="å">25</marcx:subfield>
                  <marcx:subfield code="a">Nuanneq niperput</marcx:subfield>
                </marcx:datafield>
                <marcx:datafield ind1="0" ind2="0" tag="795">
                  <marcx:subfield code="å">26</marcx:subfield>
                  <marcx:subfield code="a">Inuaqqat sukkutortut</marcx:subfield>
                </marcx:datafield>
                <marcx:datafield ind1="0" ind2="0" tag="795">
                  <marcx:subfield code="å">27</marcx:subfield>
                  <marcx:subfield code="a">Min hat den har tre buler</marcx:subfield>
                </marcx:datafield>
                <marcx:datafield ind1="0" ind2="0" tag="795">
                  <marcx:subfield code="å">28</marcx:subfield>
                  <marcx:subfield code="a">Længe nok har jeg bondepige været</marcx:subfield>
                </marcx:datafield>
                <marcx:datafield ind1="0" ind2="0" tag="795">
                  <marcx:subfield code="å">29</marcx:subfield>
                  <marcx:subfield code="a">Katinka</marcx:subfield>
                </marcx:datafield>
                <marcx:datafield ind1="0" ind2="0" tag="795">
                  <marcx:subfield code="å">30</marcx:subfield>
                  <marcx:subfield code="a">Nissimaap nulia</marcx:subfield>
                </marcx:datafield>
                <marcx:datafield ind1="0" ind2="0" tag="795">
                  <marcx:subfield code="å">31</marcx:subfield>
                  <marcx:subfield code="a">Sansesangen</marcx:subfield>
                </marcx:datafield>
                <marcx:datafield ind1="0" ind2="0" tag="795">
                  <marcx:subfield code="å">32</marcx:subfield>
                  <marcx:subfield code="a">Vandkanon</marcx:subfield>
                </marcx:datafield>
                <marcx:datafield ind1="0" ind2="0" tag="795">
                  <marcx:subfield code="å">33</marcx:subfield>
                  <marcx:subfield code="a">Sialualaarluni</marcx:subfield>
                </marcx:datafield>
                <marcx:datafield ind1="0" ind2="0" tag="795">
                  <marcx:subfield code="å">34</marcx:subfield>
                  <marcx:subfield code="a">Perngartoq</marcx:subfield>
                </marcx:datafield>
                <marcx:datafield ind1="0" ind2="0" tag="795">
                  <marcx:subfield code="å">35</marcx:subfield>
                  <marcx:subfield code="a">Papegøjen fra Amerika</marcx:subfield>
                </marcx:datafield>
                <marcx:datafield ind1="0" ind2="0" tag="795">
                  <marcx:subfield code="å">36</marcx:subfield>
                  <marcx:subfield code="a">Se nu stiger solen</marcx:subfield>
                </marcx:datafield>
                <marcx:datafield ind1="0" ind2="0" tag="795">
                  <marcx:subfield code="å">37</marcx:subfield>
                  <marcx:subfield code="a">Siut aalatillugu</marcx:subfield>
                </marcx:datafield>
                <marcx:datafield ind1="0" ind2="0" tag="795">
                  <marcx:subfield code="å">38</marcx:subfield>
                  <marcx:subfield code="a">Soraluannguit</marcx:subfield>
                </marcx:datafield>
                <marcx:datafield ind1="0" ind2="0" tag="795">
                  <marcx:subfield code="å">39</marcx:subfield>
                  <marcx:subfield code="a">Usiarpoq, usiarpoq</marcx:subfield>
                </marcx:datafield>
                <marcx:datafield ind1="0" ind2="0" tag="795">
                  <marcx:subfield code="å">40</marcx:subfield>
                  <marcx:subfield code="a">Juullimi orpiliaq</marcx:subfield>
                </marcx:datafield>
                <marcx:datafield ind1="0" ind2="0" tag="795">
                  <marcx:subfield code="å">41</marcx:subfield>
                  <marcx:subfield code="a">Bænkebider blues</marcx:subfield>
                </marcx:datafield>
                <marcx:datafield ind1="0" ind2="0" tag="795">
                  <marcx:subfield code="å">42</marcx:subfield>
                  <marcx:subfield code="a">Naqinnerit nalunngiligit</marcx:subfield>
                </marcx:datafield>
                <marcx:datafield ind1="0" ind2="0" tag="795">
                  <marcx:subfield code="å">43</marcx:subfield>
                  <marcx:subfield code="a">Kajs sang</marcx:subfield>
                </marcx:datafield>
                <marcx:datafield ind1="0" ind2="0" tag="795">
                  <marcx:subfield code="å">44</marcx:subfield>
                  <marcx:subfield code="a">Takuat paninnguaq</marcx:subfield>
                </marcx:datafield>
                <marcx:datafield ind1="0" ind2="0" tag="795">
                  <marcx:subfield code="å">45</marcx:subfield>
                  <marcx:subfield code="a">Kaaleeraq tupermi sinippoq</marcx:subfield>
                </marcx:datafield>
                <marcx:datafield ind1="0" ind2="0" tag="795">
                  <marcx:subfield code="å">46</marcx:subfield>
                  <marcx:subfield code="a">Let it be</marcx:subfield>
                </marcx:datafield>
                <marcx:datafield ind1="0" ind2="0" tag="795">
                  <marcx:subfield code="å">47</marcx:subfield>
                  <marcx:subfield code="a">Nattergalen</marcx:subfield>
                </marcx:datafield>
                <marcx:datafield ind1="0" ind2="0" tag="795">
                  <marcx:subfield code="å">48</marcx:subfield>
                  <marcx:subfield code="a">Crying in the rain</marcx:subfield>
                </marcx:datafield>
                <marcx:datafield ind1="0" ind2="0" tag="795">
                  <marcx:subfield code="å">49</marcx:subfield>
                  <marcx:subfield code="a">Maria gennem torne går</marcx:subfield>
                </marcx:datafield>
                <marcx:datafield ind1="0" ind2="0" tag="795">
                  <marcx:subfield code="å">50</marcx:subfield>
                  <marcx:subfield code="a">Meeqqap nipaa</marcx:subfield>
                </marcx:datafield>
                <marcx:datafield ind1="0" ind2="0" tag="795">
                  <marcx:subfield code="å">51</marcx:subfield>
                  <marcx:subfield code="a">Glade jul</marcx:subfield>
                </marcx:datafield>
                <marcx:datafield ind1="0" ind2="0" tag="795">
                  <marcx:subfield code="å">52</marcx:subfield>
                  <marcx:subfield code="a">Samina mina</marcx:subfield>
                </marcx:datafield>
                <marcx:datafield ind1="0" ind2="0" tag="795">
                  <marcx:subfield code="å">53</marcx:subfield>
                  <marcx:subfield code="a">Sana sananina</marcx:subfield>
                </marcx:datafield>
                <marcx:datafield ind1="0" ind2="0" tag="795">
                  <marcx:subfield code="å">54</marcx:subfield>
                  <marcx:subfield code="a">Here, there and everywhere</marcx:subfield>
                </marcx:datafield>
                <marcx:datafield ind1="0" ind2="0" tag="795">
                  <marcx:subfield code="å">55</marcx:subfield>
                  <marcx:subfield code="a">Joy to the world</marcx:subfield>
                </marcx:datafield>
                <marcx:datafield ind1="0" ind2="0" tag="795">
                  <marcx:subfield code="å">56</marcx:subfield>
                  <marcx:subfield code="a">Blue moon</marcx:subfield>
                </marcx:datafield>
                <marcx:datafield ind1="0" ind2="0" tag="795">
                  <marcx:subfield code="å">57</marcx:subfield>
                  <marcx:subfield code="a">Summertime</marcx:subfield>
                </marcx:datafield>
                <marcx:datafield ind1="0" ind2="0" tag="795">
                  <marcx:subfield code="å">99</marcx:subfield>
                  <marcx:subfield code="y">0</marcx:subfield>
                  <marcx:subfield code="a">Min hat den har 3 buler</marcx:subfield>
                </marcx:datafield>
                <marcx:datafield ind1="0" ind2="0" tag="990">
                  <marcx:subfield code="o">201408</marcx:subfield>
                  <marcx:subfield code="b">v</marcx:subfield>
                  <marcx:subfield code="b">s</marcx:subfield>
                  <marcx:subfield code="n">O6</marcx:subfield>
                  <marcx:subfield code="u">nt</marcx:subfield>
                </marcx:datafield>
                <marcx:datafield ind1="0" ind2="0" tag="996">
                  <marcx:subfield code="a">DBC</marcx:subfield>
                </marcx:datafield>
              </marcx:record>
            </marcx:collection>
            <os:identifier>870970-basis:50942309</os:identifier>
            <os:creationDate>2014-02-04</os:creationDate>
            <os:holdingsCount>0</os:holdingsCount>
            <os:lendingLibraries>0</os:lendingLibraries>
            <os:formatsAvailable>
              <os:format>dkabm</os:format>
              <os:format>marcxchange</os:format>
            </os:formatsAvailable>
          </os:object>
        </os:collection>
      </ns1:originalData>
      <ns1:outputFormat>PLACEHOLDER</ns1:outputFormat>
      <ns1:trackingId>bog_526_hertil_knytter_sig_t_t_t_t.xml.PLACEHOLDER</ns1:trackingId>
    </ns1:formatRequest>
  </SOAP-ENV:Body>
</SOAP-ENV:Envelope>
